% Encoding: UTF-8

@Article{durr2016single,
  author    = {D{\"u}rr, Oliver and Sick, Beate},
  journal   = {Journal of biomolecular screening},
  title     = {Single-cell phenotype classification using deep convolutional neural networks},
  year      = {2016},
  number    = {9},
  pages     = {998--1003},
  volume    = {21},
  publisher = {SAGE Publications Sage CA: Los Angeles, CA},
}

@Article{ouyang2019analysis,
  author    = {Ouyang, Wei and Winsnes, Casper F and Hjelmare, Martin and Cesnik, Anthony J and {\AA}kesson, Lovisa and Xu, Hao and Sullivan, Devin P and Dai, Shubin and Lan, Jun and Jinmo, Park and others},
  journal   = {Nature methods},
  title     = {Analysis of the human protein atlas image classification competition},
  year      = {2019},
  number    = {12},
  pages     = {1254--1261},
  volume    = {16},
  publisher = {Nature Publishing Group},
}

@InProceedings{evan2020auto,
  author       = {Evan, M Yu and Iglesias, Juan Eugenio and Dalca, Adrian V and Sabuncu, Mert R},
  booktitle    = {Medical Imaging with Deep Learning},
  title        = {An Auto-Encoder Strategy for Adaptive Image Segmentation},
  year         = {2020},
  organization = {PMLR},
  pages        = {881--891},
}

@Misc{enwiki:960042704,
  author       = {{Wikipedia contributors}},
  howpublished = {\url{https://en.wikipedia.org/w/index.php?title=Watershed_(image_processing)&oldid=960042704}},
  note         = {[Online; accessed 31-January-2021]},
  title        = {Watershed (image processing) --- {Wikipedia}{,} The Free Encyclopedia},
  year         = {2020},
}

@Comment{jabref-meta: databaseType:bibtex;}
